@Misc{meupossante,
	title = "{Meu Possante}",
	author = "José {Lucas} dos Santos Borges",
  year= 2016,
	url = "https://github.com/genjiff/meupossante",
  note = "Último acesso em 02 de Outubro de 2016"
}

@Misc{android,
	title = "{Android}",
	author = "{Google}",
  year= 2016,
	url = "https://www.android.com/intl/pt-BR\_br/",
  note = "Último acesso em 20 de Outubro de 2016"
}

@article{bailey2006need,
  title={On the need for attention-aware systems: Measuring effects of interruption on task performance, error rate, and affective state},
  author={Bailey, Brian P and Konstan, Joseph A},
  journal={Computers in human behavior},
  volume={22},
  number={4},
  pages={685--708},
  year={2006},
  publisher={Elsevier}
}

@inproceedings{pielot2014situ,
  title={An in-situ study of mobile phone notifications},
  author={Pielot, Martin and Church, Karen and De Oliveira, Rodrigo},
  booktitle={Proceedings of the 16th international conference on Human-computer interaction with mobile devices \& services},
  pages={233--242},
  year={2014},
  organization={ACM}
}

@article{simon1971designing,
  title={Designing organizations for an information-rich world},
  author={Simon, Herbert A},
  year={1971}
}

@techreport {distracted2014,
  author = "{National Highway Traffic Safety Administration}",
  title = {Distracted driving 2014},
  year = {2014},
  type = {Research Note},
  number = {DOT HS 812 260},
  address = {Washington, DC},
  month = apr
}

@misc {cellphoneuse,
  title = {Cell Phone Use And Distracted Driving Laws},
	author = "{Colorado Official State Web Portal}",
	url = "https://www.colorado.gov/pacific/sites/default/files/10-04CellPhoneDistractDriving\_Issue",
	year = 2016,
	note = "Último acesso em 30 de Agosto de 2016"
}

@misc{distracteddriving,
	title = {Distracted Driving: State Laws},
	author = "{Distraction.gov - Official US Government Website for Distracted Driving}",
	url = "http://www.distraction.gov/stats-research-laws/state-laws.html",
	year = 2016,
	note = "Último acesso em 30 de Agosto de 2016"
}

@misc{swedendrive,
	title = {Sweden: Talk, Text And Drive? OK},
	author = "{The Register}",
	url = "http://www.theregister.co.uk/2012/04/12/sweden_not_banning_mobiles_in_cars/",
	year = 2016,
	note = "Último acesso em 30 de Agosto de 2016"
}

@article{weiser1991computer,
  title={The computer for the 21st century},
  author={Weiser, Mark},
  journal={Scientific american},
  volume={265},
  number={3},
  pages={94--104},
  year={1991},
  publisher={Nature Publishing Group}
}

@article{dey2001understanding,
  title={Understanding and using context},
  author={Dey, Anind K},
  journal={Personal and ubiquitous computing},
  volume={5},
  number={1},
  pages={4--7},
  year={2001},
  publisher={Springer-Verlag}
}

@article{ryan1999enhanced,
  title={Enhanced reality fieldwork: the context aware archaeological assistant},
  author={Ryan, Nick and Pascoe, Jason and Morse, David},
	journal={Bar International Series},
	volume={750},
	pages={269--274},
	year={1999}
}

@article{baldauf2007survey,
  title={A survey on context-aware systems},
  author={Baldauf, Matthias and Dustdar, Schahram and Rosenberg, Florian},
  journal={International Journal of Ad Hoc and Ubiquitous Computing},
  volume={2},
  number={4},
  pages={263--277},
  year={2007},
  publisher={Inderscience Publishers}
}

@inproceedings{abowd1999towards,
  title={Towards a better understanding of context and context-awareness},
  author={Abowd, Gregory D and Dey, Anind K and Brown, Peter J and Davies, Nigel and Smith, Mark and Steggles, Pete},
  booktitle={International Symposium on Handheld and Ubiquitous Computing},
  pages={304--307},
  year={1999},
  organization={Springer}
}

@inproceedings{iqbal2010notifications,
  title={Notifications and awareness: a field study of alert usage and preferences},
  author={Iqbal, Shamsi T and Horvitz, Eric},
  booktitle={Proceedings of the 2010 ACM conference on Computer supported cooperative work},
  pages={27--30},
  year={2010},
  organization={ACM}
}

@Misc{notificationDrawer,
	title = "Notifications",
	author = "{Android Developers}",
  year= 2016,
	url = "https://developer.android.com/guide/topics/ui/notifiers/notifications.html",
  note = "Último acesso em 30 de Agosto de 2016"
}

@inproceedings{sahami2014large,
  title={Large-scale assessment of mobile notifications},
  author={Sahami Shirazi, Alireza and Henze, Niels and Dingler, Tilman and Pielot, Martin and Weber, Dominik and Schmidt, Albrecht},
  booktitle={Proceedings of the SIGCHI Conference on Human Factors in Computing Systems},
  pages={3055--3064},
  year={2014},
  organization={ACM}
}

@book{ferreira2004novo,
  title={Novo dicionário Aurélio da língua portuguesa},
  author={Ferreira, AB de H},
  year={2004},
  publisher={Editora Positivo}
}

@article{lewin1927untersuchungen,
  title={Untersuchungen zur Handlungs-und Affektpsychologie},
  author={Lewin, Kurt},
  journal={Psychologische Forschung},
  volume={9},
  number={1},
  pages={1--85},
  year={1927},
  publisher={Springer}
}

@article{zijlstra1999temporal,
  title={Temporal factors in mental work: Effects of interrupted activities},
  author={Zijlstra, Fred RH and Roe, Robert A and Leonora, Anna B and Krediet, Irene},
  journal={Journal of Occupational and Organizational Psychology},
  volume={72},
  number={2},
  pages={163--185},
  year={1999},
  publisher={Wiley Online Library}
}

@article{gillie1989makes,
  title={What makes interruptions disruptive? A study of length, similarity, and complexity},
  author={Gillie, Tony and Broadbent, Donald},
  journal={Psychological research},
  volume={50},
  number={4},
  pages={243--250},
  year={1989},
  publisher={Springer}
}

@incollection{chun2017exploring,
  title={Exploring the Value of Information Delivered to Drivers},
  author={Chun, Jaemin and Kim, SeungJun and Dey, Anind K},
  booktitle={Advances in Human Aspects of Transportation},
  pages={963--977},
  year={2017},
  publisher={Springer}
}

@inproceedings{park2016integrated,
  title={Integrated Driving Aware System in the Real-World: Sensing, Computing and Feedback},
  author={Park, Jung Wook and Kim, SeungJun and Dey, Anind},
  booktitle={Proceedings of the 2016 CHI Conference Extended Abstracts on Human Factors in Computing Systems},
  pages={1591--1597},
  year={2016},
  organization={ACM}
}

@inproceedings{eren2012estimating,
  title={Estimating driving behavior by a smartphone},
  author={Eren, Haluk and Makinist, Semiha and Akin, Erhan and Yilmaz, Alper},
  booktitle={Intelligent Vehicles Symposium (IV), 2012 IEEE},
  pages={234--239},
  year={2012},
  organization={IEEE}
}

@inproceedings{johnson2011driving,
  title={Driving style recognition using a smartphone as a sensor platform},
  author={Johnson, Derick A and Trivedi, Mohan M},
  booktitle={2011 14th International IEEE Conference on Intelligent Transportation Systems (ITSC)},
  pages={1609--1615},
  year={2011},
  organization={IEEE}
}

@inproceedings{hudson2003predicting,
  title={Predicting human interruptibility with sensors: a Wizard of Oz feasibility study},
  author={Hudson, Scott and Fogarty, James and Atkeson, Christopher and Avrahami, Daniel and Forlizzi, Jodi and Kiesler, Sara and Lee, Johnny and Yang, Jie},
  booktitle={Proceedings of the SIGCHI conference on Human factors in computing systems},
  pages={257--264},
  year={2003},
  organization={ACM}
}

@article{fogarty2005predicting,
  title={Predicting human interruptibility with sensors},
  author={Fogarty, James and Hudson, Scott E and Atkeson, Christopher G and Avrahami, Daniel and Forlizzi, Jodi and Kiesler, Sara and Lee, Johnny C and Yang, Jie},
  journal={ACM Transactions on Computer-Human Interaction (TOCHI)},
  volume={12},
  number={1},
  pages={119--146},
  year={2005},
  publisher={ACM}
}

@inproceedings{schneegass2013data,
  title={A data set of real world driving to assess driver workload},
  author={Schneegass, Stefan and Pfleging, Bastian and Broy, Nora and Heinrich, Frederik and Schmidt, Albrecht},
  booktitle={Proceedings of the 5th International Conference on Automotive User Interfaces and Interactive Vehicular Applications},
  pages={150--157},
  year={2013},
  organization={ACM}
}

@inproceedings{kim2015sensors,
  title={Sensors know when to interrupt you in the car: Detecting driver interruptibility through monitoring of peripheral interactions},
  author={Kim, SeungJun and Chun, Jaemin and Dey, Anind K},
  booktitle={Proceedings of the 33rd Annual ACM Conference on Human Factors in Computing Systems},
  pages={487--496},
  year={2015},
  organization={ACM}
}

@article{monk2004recovering,
  title={Recovering from interruptions: Implications for driver distraction research},
  author={Monk, Christopher A and Boehm-Davis, Deborah A and Mason, George and Trafton, J Gregory},
  journal={Human Factors: The Journal of the Human Factors and Ergonomics Society},
  volume={46},
  number={4},
  pages={650--663},
  year={2004},
  publisher={Sage Publications}
}

@book{laberge2001wireless,
  title={Wireless Telephones and the Risk of Road Accidents: Final Report},
  author={Laberge-Nadeau, Claire},
  year={2001},
  publisher={Montr{\'e}al: Centre for Research on Transportation, Laboratory on Transportation Safety= Centre de recherche sur les transports (CRT), Laboratoire sur la s{\'e}curit{\'e} des transports}
}

@article{stothart2015attentional,
  title={The attentional cost of receiving a cell phone notification.},
  author={Stothart, Cary and Mitchum, Ainsley and Yehnert, Courtney},
  journal={Journal of experimental psychology: human perception and performance},
  volume={41},
  number={4},
  pages={893},
  year={2015},
  publisher={American Psychological Association}
}

@inproceedings{ho2005using,
  title={Using context-aware computing to reduce the perceived burden of interruptions from mobile devices},
  author={Ho, Joyce and Intille, Stephen S},
  booktitle={Proceedings of the SIGCHI conference on Human factors in computing systems},
  pages={909--918},
  year={2005},
  organization={ACM}
}

@article{oulasvirta2012habits,
  title={Habits make smartphone use more pervasive},
  author={Oulasvirta, Antti and Rattenbury, Tye and Ma, Lingyi and Raita, Eeva},
  journal={Personal and Ubiquitous Computing},
  volume={16},
  number={1},
  pages={105--114},
  year={2012},
  publisher={Springer}
}

@inproceedings{kern2003context,
  title={Context-aware notification for wearable computing},
  author={Kern, Nicky and Schiele, Bernt},
  booktitle={Proceedings of the 7th IEEE International Symposium on Wearable Computers (ISWC’03)},
  pages={223--230},
  year={2003}
}

@article{hall2009weka,
  title={The WEKA data mining software: an update},
  author={Hall, Mark and Frank, Eibe and Holmes, Geoffrey and Pfahringer, Bernhard and Reutemann, Peter and Witten, Ian H},
  journal={ACM SIGKDD explorations newsletter},
  volume={11},
  number={1},
  pages={10--18},
  year={2009},
  publisher={ACM}
}

@techreport{mcfarlane1997interruption,
	title={Interruption of people in human-computer interaction: A general unifying definition of human interruption and taxonomy},
	author={McFarlane, Daniel C},
	year={1997},
	institution={Office of naval research Arlington VA}
}

@article{altmann2014momentary,
  title={Momentary interruptions can derail the train of thought.},
  author={Altmann, Erik M and Trafton, J Gregory and Hambrick, David Z},
  journal={Journal of Experimental Psychology: General},
  volume={143},
  number={1},
  pages={215},
  year={2014},
  publisher={American Psychological Association}
}

@Misc{meupossante,
	title = "{Meu Possante}",
	author = "José {Lucas} dos Santos Borges",
    year= 2017,
	howpublished = {\url{https://github.com/genjiff/meupossante}},
  	note = "Último acesso em 15 de Fevereiro de 2017"
}

@Misc{manualhyundai,
	title = "{Manual do Proprietário - Hyundai HB20}",
	author = "Hyundai",
    year= 2017,
	howpublished = {\url{http://www.hyundai.com/br/pt/Services/Maintenance/OwnersMannual/index.html}},
    note = "Último acesso em 15 de Fevereiro de 2017"
}

@Misc{manualonix,
	title = "{Manual do Proprietário - Chevrolet Onix}",
	author = "Chevrolet",
    year= 2017,
	howpublished = {\url{http://www.chevrolet.com.br/content/dam/Chevrolet/lat-am/Brazil/nscwebsite/pt/Home/Owners/Vehicle%20Manuals/2017/02_pdf/MY17_Onix_52142508_POR_20170101_V0-Low.pdf}},
    note = "Último acesso em 15 de Fevereiro de 2017"
}

@Misc{fenabrave,
	title = "{Automóveis mais vendidos em 2016 - Fenabrave}",
	author = "Fenabrave",
    year= 2017,
	howpublished = {\url{http://www.fenabrave.org.br/rel_mais_vendidos.asp}},
    note = "Último acesso em 15 de Fevereiro de 2017"
}

% Exemplos

@inproceedings{santanna2003,
      author =   "Cláudio Sant'Anna and Alessandro Garcia and Christina Chavez and Carlos Lucena and Arndt von Staa",
      title =    "On the Reuse and Maintenance of Aspect-Oriented Software: An Assessment Framework",
      journal =      "Proceedings of Brazilian Symposium on Software Engineering",
      booktitle =    "Proceedings of Brazilian Symposium on Software Engineering",
      pages   =      {19--34},
      year =     2003
}

@article{DBLP:journals/tse/ChidamberK94,
    author    = {Shyam R. Chidamber and Chris F. Kemerer},
    title     = {A Metrics Suite for Object Oriented Design.},
    journal   = {IEEE Trans. Software Eng.},
    volume    = {20},
    number    = {6},
    year      = {1994},
    pages     = {476-493},
    ee        = {http://www.computer.org/tse/ts1994/e0476abs.htm},
    bibsource = {DBLP, http://dblp.uni-trier.de}
}

@Phdthesis{flach2004,
	author={Christina von Flach Garcia Chavez},
	title={Um {Enfoque} baseado em {Modelos} para o {Design} {Orientado} a {Aspectos}},
	school={Pontifícia Universidade Católica do Rio de Janeiro},
    address={Rio de Janeiro},
    month={abril},
	year={2004},
}

@Mastersthesis{bittencourt2004,
	author={João Ricardo de Bittencourt Menezes},
	title={Um {Framework} para Criação de {Jogos} {Computadorizados} Multiplataforma},
	school={Pontifícia Universidade Católica do Rio Grande do Sul},
    address={Porto Alegre},
	year={2004},
}

@Techreport{amr,
	author={Arie van Deursen and Marius Marin and Leon Moonen},
	title={Aspect Mining and Refactoring},
	school={Delft University of Technology},
        note={Software Evolution Research Laboratory},
	year={2003},
}

@Techreport{reis2004,
       title={Implementando Métricas para Medição de Código Fonte usando JAVACC},
       author={Marcelo Luis Boudoux Reis and Glauco de Figueiredo Carneiro},
       year=2004,
       month="Novembro",
       school={Universidade Salvador},
}

@Techreport{monteiro2004,
	author={Miguel Pessoa Monteiro},
	title={Catalogue of Refactorings for AspectJ},
	school={Universidade do Minho},
  address={Campus de Gualtar, 4710-057, Braga Portugal},
	year={2004},
}

@Article{aop,
	author = "Tzilla Elrad and Robert E. Filman and Atef Bader",
	title  = "Aspect-Oriented Programming",
	journal = "CACM: Communications of ACM",
	volume = "44",
	number = "10",
	pages =		  {29--32},
	month = "October",
	year =         2001,
	url =  "citeseer.ist.psu.edu/elrad01aspectoriented.html"
}
@Book{buschmann1996,
	author =       "Frank Buschmann and Regine Meunier and Hans Rohnert and Peter Sommerlad and Michael Stal and Peter Sommerlad and Michael Sta",
	title =        "Pattern-Oriented Software Architecture, Volume 1: A System of Patterns",
	publisher =    "John Wiley e Sons Ltd.",
	year =         1996,
        pages= 476
}

@Book{beck2000,
	author =       "Kent Beck",
	title =        "Extreme Programming Explained: Embrace Change",
	publisher =    "Addison-Wesley",
	year =         2000
}

@Book{mcCabe,
	author =       "Norman E Fenton and Shari Lawrence Pfleeger",
	title =        "Software metrics : a rigorous and practical approach",
	publisher =    "London ; Boston : PWS Pub.",
	isbn = 1850322759,
	year =         1997
}

@Book{kerievsky2004,
	author =       "Joshua Kerievsky",
	title =        "Refactoring to Patterns",
	publisher =    "Addison-Wesley",
	isbn = 0321213351,
	pages = 400,
	month = "agosto",
	year =         2004
}

@Book{fowler2000,
	author =       "Martin Fowler and Kent Beck and John Brant and William Opdyke and Don Roberts",
	title =        "Refactoring: Improving the Design of Existing Code",
	publisher =    "Addison-Wesley",
	year =         2000
}


@Misc{aosd,
      title = "{Aspect}-Oriented Software Development",
      url= "http://aosd.net/",

      year= 2005,
      note = "Último acesso em 28 de Fevereiro de 2005"
}

@Misc{refaces,
      author="Mauricio Bomfim Cruz Vieira",
      title = "{Refaces}: refactoring to aspects",
      url= "http://refaces.tigris.org/",
      year= 2005,
      note = "Último acesso em 28 de Fevereiro de 2005"
}


@Misc{WASP,
	  title = "{I} {Workshop} Brasileiro de Desenvolvimento de Software Orientado a Aspectos",
      year= 2005,
	  url = "http://www.dcc.ufba.br/wasp2004",
      note = "Último acesso em 28 de Fevereiro de 2005"
}

@Misc{java,
	  title = "{The} Source for Java Technology",
      year= 2005,
	  url = "http://java.sun.com",
          note = "Último acesso em 28 de Fevereiro de 2005"
}

@Misc{AspectBrowser,
      year= 2005,
	  title = "{AspectBrowser} for Eclipse",
	  url = "http://www.cs.ucsd.edu/users/wgg/Software/AB/",
          note = "Último acesso em 28 de Fevereiro de 2005"
}

@Misc{Eclipse,
      year= 2005,
	  title = "{Eclipse} IDE Project",
	  url = "http://eclipse.org",
          note = "Último acesso em 28 de Fevereiro de 2005"
}

@Misc{aspectj,
      year= 2005,
	  title = "{AspectJ} Project",
	  url = "http://aspectj.org",
          note = "Último acesso em 28 de Fevereiro de 2005"
}

@Misc{FEAT,
      year= 2005,
	author =       "Martin Robillard",
	title =        "Feature Exploration \& Analisys Tool",
	url =          "http://www.cs.ubc.ca/labs/spl/projects/feat/",
	note =         "Último acesso em 28 de Fevereiro de 2005"
}

@Misc{jUnitDoclet,
	title =        "{jUnitDoclet} test generation tool",
	url =          "http://jUnitDoclet.org",
	note =         "Último acesso em 28 de Fevereiro de 2005"
}

@Misc{jUnit,
	title =        "{jUnit} Framework",
	url =          "http://jUnit.org",
	note =         "Último acesso em 28 de Fevereiro de 2005"
}

@Misc{amphibian,
	title =        "Amphibian Game Engine Framework",
	url =          "http://amphibian.sourceforge.net",
	note =         "Último acesso em 28 de Fevereiro de 2005"
}

@Misc{laddad2003,
	author =       "Ramnivas Laddad",
	title =        "Aspect Oriented Refactoring Series",
	url =          "http://www.theserverside.com",
	note =         "Último acesso em 28 de Fevereiro de 2005",
	year = 2003
}

@Article{fayad1997,
  author =       "Mohamed Fayad and Douglas C. Schmidt",
  title =        "Object Oriented Application Frameworks",
  journal =      "Communications of the ACM",
  volume=       40,
  number=       10,
  year =         1997
}


@book{aho,
 author = {Alfred V. Aho and Ravi Sethi and Jeffrey D. Ullman},
 title = {Compilers: principles, techniques, and tools},
 year = {1986},
 isbn = {0-201-10088-6},
 publisher = {Addison-Wesley Longman Publishing Co., Inc.},
 }

@book{tanenbaum,
 author = {Andrew S. Tanenbaum},
 title = {Modern operating systems},
 year = {1992},
 isbn = {0-13-588187-0},
 publisher = {Prentice-Hall, Inc.},
 }

@Book{ambler,
  author = 	 "Scott W. Ambler",
  title = 	  "Análise e Projeto Orientado a Objeto",
  publisher = 	 "IBPI Press",
  year = 	 1998,
  address = "Rio de Janeiro"
}

@Article{mmcpp,
  author = 	 "Nathan C. Mayers",
  title = 	 "Memory Management in {C++}",
  journal =  "C++ report",
  year = 	 1993
}

@article{dynload,
 author = {James Norton},
 title = {Dynamic Class Loading in C++},
 journal = {Linux Journal},
 volume = {2000},
 number = {73es},
 year = {2000},
 issn = {1075-3583},
 pages = {38},
 publisher = {Specialized Systems Consultants, Inc.},
}


@Article{allocators,
  author= "Matt Austern",
  title = "What Are Allocators Good For?",
  journal = "The C/C++ Users Journal",
  year = 2002,
  month = dec
}

@Misc{apache,
  title = "{Apache} HTTP Server Version 1.3 Developer Resources",
  url = "http://httpd.apache.org/dev",
  note = "Último acesso em 12 de Junho de 2003"
}

@Misc{java,
  title = "{The} Source for Java Technology",
  url = "http://java.sun.com",
  note = "Último acesso em 12 de Junho de 2003"
}

@Misc{jsp,
  title = "JavaServer Pages Technology",
  url = "http://java.sun.com/products/jsp/",
  note = "Último acesso em 12 de Junho de 2003"
}

@Misc{php,
  title = "{PHP} Hypertext Preprocessor",
  url = "http://www.php.net",
  note = "Último acesso em 12 de Junho de 2003"
}

@Misc{sf,
  title = "{SourceForge}.net",
  url = "http://sourceforge.net/",
  note = "Último acesso em 12 de Junho de 2003"
}

@Misc{gpl,
  title = "{The} GNU General Public License",
  url = "http://www.gnu.org/licenses/gpl.html",
  note = "Último acesso em 12 de Junho de 2003"
}

@Misc{huston,
  title = "Huston Design Patterns",
  author = "Vince Huston",
  url = "http://home.earthlink.net/~huston2/dp/patterns.html",
  note = "Último acesso em 12 de Junho de 2003"
}

@Book{GoF,
  title = "Design Patterns: Elements of Reusable Object-Oriented Software",
  author = "Erich Gamma and Richard Helm and Ralph Johnson and John Vlissides",
  publisher = "Addison Wesley",
  address = "Reading, MA",
  year = 1995
}


@Misc{tplusplus,
  title = "{Sítio} web do projeto T++",
  url = "http://tplusplus.sourceforge.net/",
  note = "Último acesso em 12 de Junho de 2003"
}

@Misc{webservices,
  publisher = {Sun Microsystems},
  title = {{The} Java WebServices Tutorial},
  url = "http://java.sun.com/webservices/docs/1.1/tutorial/doc/"
}

@Misc{rfc-http,
  publisher = {Internet Society},
  title = {{Hypertext} Transfer Protocol Specification -- HTTP/1.1},
  url = "ftp://ftp.rfc-editor.org/in-notes/rfc2616.txt"
}

@InProceedings{webmidia2003,
  title = "The {T++} {Approach} to {Web} {Application} {Development}",
  author = "Terceiro, Antonio Soares de Azevedo and Chavez, Christina von Flach Garcia",
  booktitle = "Anais do Simpósio Brasileiro de Sistemas Multimídia e Web -- Workshop de Ferramentas e Aplicações",
  year = 2003,
  publisher = "Sociedade Brasileira de Computação",
  address = "Salvador",
  url = "http://twiki.im.ufba.br/pub/Aside/NossasPublicacoes/webmidia2003-terceiro.pdf"
}

@misc{patternsconcepts,
  title = "Patterns and Software: Essential Concepts and Terminology",
  author = "Brad Appleton",
  url = "http://www.cmcrossroads.com/bradapp/docs/patterns-intro.html"
}

@article{riehle96understanding,
    author = "Dirk Riehle and Heinz Zullighoven",
    title = "Understanding and Using Patterns in Software Development",
    journal = "Theory and Practice of Object Systems",
    volume = "2",
    number = "1",
    pages = "3-13",
    year = "1996",
    url = "citeseer.nj.nec.com/riehle96understanding.html"
}


@inproceedings{srcoopsla2003,
 author = {Antonio Soares de Azevedo Terceiro},
 title = {Issues on {Building} {T++}, a {Tool} for {Web} {Application} {Development} with {C++}},
 booktitle = {Companion of the 18th annual ACM SIGPLAN conference on Object-oriented programming, systems, languages, and applications},
 year = {2003},
 isbn = {1-58113-751-6},
 pages = {394--395},
 location = {Anaheim, CA, USA},
 doi = {http://doi.acm.org/10.1145/949344.949452},
 publisher = {ACM Press},
 }

@inproceedings{demooopsla2003,
 author = {Antonio Soares de Azevedo Terceiro and Christina von Flach G. Chavez},
 title = {Issues on {Building} {T++}: a {Tool} for {Web} {Application} {Development} with {C++}},
 booktitle = {Companion of the 18th annual ACM SIGPLAN conference on Object-oriented programming, systems, languages, and applications},
 year = {2003},
 isbn = {1-58113-751-6},
 pages = {106--107},
 location = {Anaheim, CA, USA},
 doi = {http://doi.acm.org/10.1145/949344.949372},
 publisher = {ACM Press},
 }

@Misc{manualVisual,
  title = "Manual de Identidade Visual",
  url = "https://www.ufba.br/manual-de-identidade-visual",
  note = "Último acesso em 2 de Julho de 2013"
}
